<?xml version="1.0" encoding="UTF-8"?><collection xmlns="http://www.loc.gov/MARC21/slim"><record><leader>00452nam--2200157-i-4500</leader><controlfield tag="001">000045885</controlfield><controlfield tag="002">20161230</controlfield><controlfield tag="005">20161230201045</controlfield><controlfield tag="008">060222s1000------------r-----000-0-eng-d</controlfield><datafield ind1=" " ind2=" " tag="040"><subfield code="a">IFIN-HH</subfield></datafield><datafield ind1=" " ind2=" " tag="080"><subfield code="a">517.977</subfield></datafield><datafield ind1=" " ind2=" " tag="100"><subfield code="a">Varsan,Constantin</subfield></datafield><datafield ind1=" " ind2=" " tag="245"><subfield code="a">Teoria generala a problemelor de extremum cu aplicatii la sistemele de control optimal</subfield></datafield><datafield ind1=" " ind2=" " tag="260"><subfield code="a">BUCURESTI, ED.ACAD.RSR, 1974. 373p</subfield></datafield><datafield ind1=" " ind2=" " tag="852"><subfield code="a">76713</subfield><subfield code="c">517.9</subfield></datafield><datafield ind1=" " ind2=" " tag="CAT"><subfield code="a">Sys</subfield><subfield code="c">20090528</subfield><subfield code="h">084324</subfield></datafield></record></collection>